% Machine Learning-------------
@book{turing2009computing,
  title={Computing machinery and intelligence},
  author={Turing, Alan M},
  year={2009},
  publisher={Springer}
}
@article{o2015introduction,
  title={An introduction to convolutional neural networks},
  author={O'Shea, Keiron and Nash, Ryan},
  journal={arXiv preprint arXiv:1511.08458},
  year={2015}
}
@article{perez2017effectiveness,
  title={The effectiveness of data augmentation in image classification using deep learning},
  author={Perez, Luis and Wang, Jason},
  journal={arXiv preprint arXiv:1712.04621},
  year={2017}
}

%% GANs ------------------------
@article{zhao2020differentiable,
  title={Differentiable augmentation for data-efficient gan training},
  author={Zhao, Shengyu and Liu, Zhijian and Lin, Ji and Zhu, Jun-Yan and Han, Song},
  journal={Advances in Neural Information Processing Systems},
  volume={33},
  pages={7559--7570},
  year={2020}
}

%%% Limited data ---------------
@inproceedings{wang2018transferring,
  title={Transferring gans: generating images from limited data},
  author={Wang, Yaxing and Wu, Chenshen and Herranz, Luis and Van de Weijer, Joost and Gonzalez-Garcia, Abel and Raducanu, Bogdan},
  booktitle={Proceedings of the European Conference on Computer Vision (ECCV)},
  pages={218--234},
  year={2018}
}
@article{karras2020training,
  title={Training generative adversarial networks with limited data},
  author={Karras, Tero and Aittala, Miika and Hellsten, Janne and Laine, Samuli and Lehtinen, Jaakko and Aila, Timo},
  journal={Advances in neural information processing systems},
  volume={33},
  pages={12104--12114},
  year={2020}
}



%% Gravitational lensing--------
@article{bartelmann2001weak,
  title={Weak gravitational lensing},
  author={Bartelmann, Matthias and Schneider, Peter},
  journal={Physics Reports},
  volume={340},
  number={4-5},
  pages={291--472},
  year={2001},
  publisher={Elsevier}
}
@article{madireddy2019modular,
  title={A modular deep learning pipeline for galaxy-scale strong gravitational lens detection and modeling},
  author={Madireddy, Sandeep and Ramachandra, Nesar and Li, Nan and Butler, James and Balaprakash, Prasanna and Habib, Salman and Heitmann, Katrin and Collaboration, The LSST},
  journal={arXiv preprint arXiv:1911.03867},
  year={2019}
}
@article{bartelmann2010gravitational,
  title={Gravitational lensing},
  author={Bartelmann, Matthias},
  journal={Classical and Quantum Gravity},
  volume={27},
  number={23},
  pages={233001},
  year={2010},
  publisher={IOP Publishing}
}
@article{vago2022deepgravilens,
  title={DeepGraviLens: a Multi-Modal Architecture for Classifying Gravitational Lensing Data},
  author={Vago, Nicol{\`o} Oreste Pinciroli and Fraternali, Piero},
  journal={arXiv preprint arXiv:2205.00701},
  year={2022}
}
@article{stein2022mining,
  title={Mining for strong gravitational lenses with self-supervised learning},
  author={Stein, George and Blaum, Jacqueline and Harrington, Peter and Medan, Tomislav and Luki{\'c}, Zarija},
  journal={The Astrophysical Journal},
  volume={932},
  number={2},
  pages={107},
  year={2022},
  publisher={IOP Publishing}
}




@article{goodfellow2020generative,
  title={Generative adversarial networks},
  author={Goodfellow, Ian and Pouget-Abadie, Jean and Mirza, Mehdi and Xu, Bing and Warde-Farley, David and Ozair, Sherjil and Courville, Aaron and Bengio, Yoshua},
  journal={Communications of the ACM},
  volume={63},
  number={11},
  pages={139--144},
  year={2020},
  publisher={ACM New York, NY, USA}
}
@article{nightingale2021pyautolens,
  title={PyAutoLens: Open-source strong gravitational lensing},
  author={Nightingale, James and Hayes, Richard G and Kelly, Ashley and Amvrosiadis, Aristeidis and Etherington, Amy and He, Qiuhan and Li, Nan and Cao, XiaoYue and Frawley, Jonathan and Cole, Shaun and others},
  journal={arXiv preprint arXiv:2106.01384},
  year={2021}
}
@book{sen2021machine,
  title={Machine Learning: Algorithms, Models and Applications},
  author={Sen, Jaydip and Mehtab, Sidra and Engelbrecht, Andries},
  year={2021},
  publisher={BoD--Books on Demand}
}
@article{khachatryan2021machine,
  title={On machine learning search for gravitational lenses},
  author={Khachatryan, HG},
  journal={arXiv preprint arXiv:2104.01014},
  year={2021}
}
@article{akinbo2021ensemble,
  title={Ensemble machine learning algorithms for prediction and classification of medical images},
  author={Akinbo, Racheal S and Daramola, Oladunni A},
  journal={Machine Learning-Algorithms, Models and Applications},
  year={2021},
  publisher={IntechOpen}
}
@article{jung2022ml,
	author = {Jung, Alexander},
	journal = {Springer},
	month = {02},
	title = {Machine Learning: The Basics},
	url = {https://link.springer.com/book/10.1007/978-981-16-8193-6},
	year = {2022},
}
@article{tran2022agel,
  title={The AGEL Survey: Spectroscopic Confirmation of Strong Gravitational Lenses in the DES and DECaLS Fields Selected Using Convolutional Neural Networks},
  author={Tran, Kim-Vy H and Harshan, Anishya and Glazebrook, Karl and Vasan, GC Keerthi and Jones, Tucker and Jacobs, Colin and Kacprzak, Glenn G and Barone, Tania M and Collett, Thomas E and Gupta, Anshu and others},
  journal={The Astronomical Journal},
  volume={164},
  number={4},
  pages={148},
  year={2022},
  publisher={IOP Publishing}
}
@inproceedings{bermano2022state,
  title={State-of-the-Art in the Architecture, Methods and Applications of StyleGAN},
  author={Bermano, Amit H and Gal, Rinon and Alaluf, Yuval and Mokady, Ron and Nitzan, Yotam and Tov, Omer and Patashnik, Oren and Cohen-Or, Daniel},
  booktitle={Computer Graphics Forum},
  volume={41},
  number={2},
  pages={591--611},
  year={2022},
  organization={Wiley Online Library}
}
@article{wilde2022detecting,
  title={Detecting gravitational lenses using machine learning: exploring interpretability and sensitivity to rare lensing configurations},
  author={Wilde, Joshua and Serjeant, Stephen and Bromley, Jane M and Dickinson, Hugh and Koopmans, L{\'e}on VE and Metcalf, R Benton},
  journal={Monthly Notices of the Royal Astronomical Society},
  volume={512},
  number={3},
  pages={3464--3479},
  year={2022},
  publisher={Oxford University Press}
}
@article{tran2022agel,
  title={The AGEL Survey: Spectroscopic Confirmation of Strong Gravitational Lenses in the DES and DECaLS Fields Selected Using Convolutional Neural Networks},
  author={Tran, Kim-Vy H and Harshan, Anishya and Glazebrook, Karl and Vasan, GC Keerthi and Jones, Tucker and Jacobs, Colin and Kacprzak, Glenn G and Barone, Tania M and Collett, Thomas E and Gupta, Anshu and others},
  journal={The Astronomical Journal},
  volume={164},
  number={4},
  pages={148},
  year={2022},
  publisher={IOP Publishing}
}
@article{azizi2023synthetic,
  title={Synthetic data from diffusion models improves imagenet classification},
  author={Azizi, Shekoofeh and Kornblith, Simon and Saharia, Chitwan and Norouzi, Mohammad and Fleet, David J},
  journal={arXiv preprint arXiv:2304.08466},
  year={2023}
}
@book{prince2023understanding,
  title={UNDERSTANDING DEEP LEARNING.},
  author={Prince, Simon JD},
  year={2023},
  publisher={MIT PRESS}
}
@article{de2023redes,
  title={Redes Generativas Adversarias (GAN) Fundamentos Te$\backslash$'oricos y Aplicaciones},
  author={de la Torre, Jordi},
  journal={arXiv preprint arXiv:2302.09346},
  year={2023}
}